@misc{JSAnnounce,
  author = "Netscape Communications",
  title = "Netscape and Sun Announce JavaScript, the Open, Cross-Platform Object Scripting Language for Enterprise Networks and the Internet",
  howpublished = "\url{https://web.archive.org/web/20070916144913/http://wp.netscape.com/newsref/pr/newsrelease67.html}",
}

@misc{TC39,
  author = "ECMA International",
  title = "TC39 - ECMAScript",
  howpublished = "\url{http://www.ecma-international.org/memento/TC39.htm}"
}

@misc{ESDiscuss,
  title = "The es-discuss Archives",
  howpublished = "\url{https://mail.mozilla.org/pipermail/es-discuss/}"
}

@misc{ECMAScript-1,
  author = "ECMA International",
  title = "ECMAScript Language Specification",
  howpublished = "\url{http://www.ecma-international.org/publications/files/ECMA-ST-ARCH/ECMA-262, 1st edition, June 1997.pdf}"
}

@misc{ECMAScript-3,
  author = "ECMA International",
  title = "ECMAScript Language Specification",
  howpublished = "\url{http://www.ecma-international.org/publications/files/ECMA-ST-ARCH/ECMA-262, 3rd edition, December 1999.pdf}"
}

@misc{ECMAScript-5,
  author = "ECMA International",
  title = "ECMAScript Language Specification",
  howpublished = "\url{http://www.ecma-international.org/publications/files/ECMA-ST/Ecma-262.pdf}",
}

@misc{ECMAScript-6,
  author = "ECMA International",
  title = "ECMAScript Language Specification (draf)",
  howpublished = "\url{https://people.mozilla.org/~jorendorff/es6-draft.html}"
}

@misc{Node,
  author = "Joyent Inc.",
  title = "Node.JS",
  howpublished = "\url{http://nodejs.org/}"
}

@misc{EventMachine,
  title = "Event machine",
  howpublished = "\url{https://github.com/eventmachine/eventmachine}"
}

@misc{Twisted,
  title = "Twisted",
  howpublished = "\url{https://twistedmatrix.com/trac/}"
}

@misc{Node-TJ,
  author = "Isaac Z. Schlueter",
  title = "The Next Phase of Node.js",
  howpublished = "\url{http://blog.nodejs.org/2014/01/15/the-next-phase-of-node-js/}"
}

@misc{PayPal-Case,
  author = "Jeff Harrell",
  title = "Node.JS at PayPal",
  howpublished = "\url{https://www.paypal-engineering.com/2013/11/22/node-js-at-paypal/}"
}

@misc{Node-1M,
  author = "Aaron Robinson",
  title = "Node.js w/1M concurrent connections",
  howpublished = "\url{http://blog.caustik.com/2012/08/19/node-js-w1m-concurrent-connections/}"
}

@misc{About-Twitter,
  title = "About Twitter Inc.",
  howpublished = "\url{https://about.twitter.com/company}"
}

@misc{Threads-a-gogo,
  title = "Threads Ã  gogo for Node.js",
  howpublished = "\url{https://github.com/xk/node-threads-a-gogo}"
}

@misc{CommonJS,
  title = "Modules/1.1",
  howpublished = "\url{http://wiki.commonjs.org/wiki/Modules/1.1}"
}

@misc{NPM-100K,
  title = "100,000 npm modules",
  author = "Charlie Key",
  howpublished = "\url{http://blog.modulus.io/growth-of-npm-infographic}"
}

@misc{Package-JSON,
  title = "specifics of npm's package.json handling",
  howpublished = "\url{https://docs.npmjs.com/files/package.json}"
}

@misc{Semver,
  title = "Semantic Versioning 2.0.0",
  howpublished = "\url{http://semver.org/}"
}

@misc{ES6-Modules,
  title = "ECMAScript 6 modules: the final syntax",
  author = "Axel Rauschmayer",
  howpublished = "\url{http://www.2ality.com/2014/09/es6-modules-final.html}"
}

@misc{Browserify,
  author = "James Halliday",
  title = "Browserify",
  howpublished = "\url{http://browserify.org/}"
}

@misc{Watchify,
  author = "James Halliday",
  title = "Watchify",
  howpublished = "\url{https://github.com/substack/watchify}"
}

@misc{Jade,
  title = "Jade",
  howpublished = "\url{http://jade-lang.com/}"
}

@misc{LevelDB,
  author = "Sanjay Ghemawat, Jeff Dean",
  title = "LevelDB",
  howpublished = "\url{https://github.com/google/leveldb}"
}

@misc{InfluxDB,
  title = "InfluxDB",
  howpublished = "\url{http://influxdb.com/}"
}

@misc{Logify,
  title = "Logify",
  howpublished = "\url{https://github.com/purposeindustries/node-logify}"
}

@misc{Stylus,
  title = "Stylus",
  author = "LearnBoost",
  howpublished = "\url{http://learnboost.github.io/stylus/}"
}

@misc{CSYield,
  author = "MSDN",
  title = "Yield (C\# reference)",
  howpublished = "\url{http://msdn.microsoft.com/en-us/library/9k7k7cf0.aspx}"
}

@misc{Co,
  author = "TJ Holowaychuk",
  title = "co",
  howpublished = "\url{https://github.com/tj/co}"
}

@misc{Express,
  author = "TJ Holowaychuk",
  title = "express",
  howpublished = "\url{http://expressjs.com/}"
}

@misc{Koa,
  author = "TJ Holowaychuk",
  title = "koa",
  howpublished = "\url{http://koajs.com/}"
}

@misc{REST,
  author = "Roy Fielding",
  title = "Representational State Transfer (REST)",
  howpublished = "\url{http://www.ics.uci.edu/~fielding/pubs/dissertation/rest_arch_style.htm}"
}
@misc{OAuth,
  title = "RFC5849 The OAuth 1.0 Protocol",
  howpublished = "\url{http://tools.ietf.org/html/rfc5849}"
}

@misc{Docker,
  title = "Docker - An open platform for distributed applications",
  howpublished = "\url{https://www.docker.com/}"
}

@misc{Ansible,
  title = "Ansible IT Automation",
  howpublished = "\url{http://www.ansible.com/home}"
}

@misc{Consul,
  title = "Consul",
  howpublished = "\url{https://www.consul.io/}"
}
